@misc{OurWork,
	author = {Name Surname},
	title = {{Text Title}},
	year = {2021},
	publisher = {Generic Publisherb},
	journal = {Journal of Samples},
	howpublished = {\url{https://sampletext.noex}}
}
